<?xml version="1.0" encoding="UTF-8"?><record xmlns="http://www.loc.gov/MARC21/slim" xmlns:cinclude="http://apache.org/cocoon/include/1.0" xmlns:zs="http://www.loc.gov/zing/srw/">
  <leader>00443cz  a2200133n  4500</leader>
  <controlfield tag="001">n  88602151 </controlfield>
  <controlfield tag="003">DLC</controlfield>
  <controlfield tag="005">20080316080344.0</controlfield>
  <controlfield tag="008">880112n| acannaabn          |n aad      </controlfield>
  <datafield tag="010" ind1=" " ind2=" ">
    <subfield code="a">n  88602151 </subfield>
  </datafield>
  <datafield tag="035" ind1=" " ind2=" ">
    <subfield code="a">(OCoLC)oca02179969</subfield>
  </datafield>
  <datafield tag="040" ind1=" " ind2=" ">
    <subfield code="a">DLC</subfield>
    <subfield code="b">eng</subfield>
    <subfield code="c">DLC</subfield>
    <subfield code="d">OCoLC</subfield>
  </datafield>
  <datafield tag="100" ind1="1" ind2=" ">
    <subfield code="a">Morris, Roger Keith Jerome</subfield>
  </datafield>
  <datafield tag="670" ind1=" " ind2=" ">
    <subfield code="a">nuc88-3167: His In-service teacher education, 1984</subfield>
    <subfield code="b">(hdg. on MnU rept.: Morris, Roger Keith Jerome; usage: Roger Keith Jerome Morris)</subfield>
  </datafield>
</record>